@article{biane98,
    author  = "Philippe Biane",
    title   = "Free Probability for Probabilists",
    year    = "1998",
    journal = "",
    note = "arXiv:math/9809193v1"
}
@article{politi2010,
    author  = "M. Politi and E. Scalas and G. Germano",
    title   = "Spectral Densities of Wishart-L\'evy Free Random Matrices",
    year    = "2010",
    journal = "Eur. Phys. J. B",
    volume = "73",
    pages = "13--22"    
}

@article{GlassermanKim2008,
    author = "Paul Glasserman and Kyoung-Kuk Kim",
    title = "Moment Explosions and Stationary Distributions in Affine Diffusion Models",
    journal = {Mathematical Finance},
    volume={20},     
    issue=1,
    pages ={1--33},
    year = "2008"
}

@article{Choi2008,
author = "Choi, P. and Nam, K.",
title="Asymmetric and Leptokurtic Distribution for Heteroscedastic Asset Returns: The $S_u$ - Normal distribution",
journal="Journal of Empirical Finance",
volume="15",
pages="41--63",
year="2008"
}

@article{Shang2004,
author="Shang, J. and Tadikamalla, P.",
title="Modelling Financial Series Distributions: A versatile data fitting approach",
journal="International Journal of Theoretical \& Applied Finance",
volume="7",
pages="231--251",
year="2004"
}

@article{Engle1993,
author="Engle, R. and Ng, V.",
title="Meauring and Testing the Impact of News on Volatility",
journal="J. Finance",
volume="48",
pages="1749--1778",
year="1993"
}

@book{Johnson1949,
author="Johnson, N.L. and Kotz, S.",
title="Continuous Univariate Distributions",
publisher="Wiley",
address="New York",
year="1949"
}

@article{Simonato2012,
author="Jean-Guy Simonato",
title={GARCH processes with skewness and leptokurtic innovations: Revisiting the Johnson $S_u$ case},
journal="Finance Research Letters",
volume="9",
pages="213-219",
year=2012
}

@book{FinancialRisk,
author="Jean-Philippe Bouchaud and Marc Potters",
title="Theory of Financial Risk and Derivative Pricing",
edition="2nd",
publisher="Cambridge University Press",
year=2003
}

@article{doi:10.1142/S0219024904002475,
author = {TADIKAMALLA, PANDU R. and SHANG, JEN S.},
title = {MODELING FINANCIAL SERIES DISTRIBUTIONS: A VERSATILE DATA FITTING APPROACH},
journal = {International Journal of Theoretical and Applied Finance},
volume = {07},
number = {03},
pages = {231-251},
year = {2004},
doi = {10.1142/S0219024904002475},
URL = {http://www.worldscientific.com/doi/abs/10.1142/S0219024904002475},
eprint = {http://www.worldscientific.com/doi/pdf/10.1142/S0219024904002475}
}

@misc{Vilder2007,
author={Robin G. de Vilder and Marcel P. Visser},
title={Proxies for daily volatility},
URL={http://ideas.repec.org/p/hal/psewpa/halshs-00588307.html},
year={2007}
}

@article{Bollerslev86,
author="Tim Bollerslev",
title="Generalized Autoregressive Conditional Heteroskedasticity",
journal="Journal of Econometrics",
volume=31,
pages="307–327",
year=1986
}

@article{Bollerslev87,
author="Tim Bollerslev",
title="On the Correlation Structure for the Generalized Autoregressive Conditional Heteroskedastic Processes",
journal="Journal of Time Series Analysis",
volume=9,
number=2,
pages="121–131",
year=1987
}

@article{Andersen03,
    author = {Torben G. Andersen and Tim Bollerslev and Francis X. Diebold and Paul Labys},
    title = {Modeling and Forecasting Realized Volatility},
    journal = {Economitrica},
    volume = 71,
    pages={529-626},
    year = {2003}
}

@book{Protter05,
author="Philip E. Protter",
title={Stochastic integration and differential equations},
edition=2,
publisher="Springer",
year=2005
}

@article{Sahalia05,
author="Yacine Ait-Sahalia and Per A. Mykland and Lan Zhang",
title="How often to sample a continuous-time process in the presence of market microstructure noise",
journal="The Review of Financial Studies",
volume="18",
number="2",
year=2005
}
